@incollection{Alumbaugh,
author = {Alumbaugh, Tyler J. and Jiao, Xiangmin},
booktitle = {Proceedings of the 14th International Meshing Roundtable},
pages = {485--503},
publisher = {Springer Berlin Heidelberg},
title = {{Compact Array-Based Mesh Data Structures}},
%%%%url = {http://link.springer.com/10.1007/3-540-29090-7{\_}29},
year = {2005}
}
@misc{CGAL,
author = {CGAL},
mendeley-groups = {DSC/3D mesh structure},
title = {{Linear Cells Complex}},
url = {http://doc.cgal.org/latest/Linear{\_}cell{\_}complex/index.html}
}

@article{Shephard1991,
author = {Shephard, Mark S. and Georges, Marcel K.},
journal = {International Journal for Numerical Methods in Engineering},
month = {sep},
number = {4},
pages = {709--749},
title = {{Automatic three-dimensional mesh generation by the finite octree technique}},
volume = {32},
year = {1991}
}
@article{Garimella2002,
author = {Garimella, Rao V.},
issn = {00295981},
journal = {International Journal for Numerical Methods in Engineering},
keywords = {Data structures,Grids,Mesh generation,Tetrahedral and hexahedral meshes,Triangulation},
number = {4},
pages = {451--478},
title = {{Mesh data structure selection for mesh generation and FEA applications}},
volume = {55},
year = {2002}
}

@article{Beall1997,
author = {Beall, Mark W and Shephard, Mark S},
journal = {International Journal for Numerical Methods in Engineering},
number = {9},
pages = {1573--1596},
title = {{A general topology-based mesh data structure}},
volume = {40},
year = {1997}
}


@article{Misztal2012,
author = {Misztal, Marek Krzysztof and B{\ae}rentzen, Jakob Andreas},
journal = {ACM Transactions on Graphics},
month = {may},
number = {3},
pages = {1--12},
title = {{Topology-adaptive interface tracking using the deformable simplicial complex}},
volume = {31},
year = {2012}
}

@article{Schroeder1988,
author = {Schroeder, W. J. and Shephard, M. S.},
journal = {International Journal for Numerical Methods in Engineering},
month = {nov},
number = {11},
pages = {2503--2515},
title = {{Geometry-based fully automatic mesh generation and the delaunay triangulation}},
volume = {26},
year = {1988}
}
@article{Beall1997,
author = {Beall, Mark W and Shephard, Mark S},
journal = {International Journal for Numerical Methods in Engineering},
number = {9},
pages = {1573--1596},
title = {{A general topology-based mesh data structure}},
%%%%url = {http://doi.wiley.com/10.1002/(SICI)1097-0207(19970515)40:9<1573::AID-NME128>3.0.CO;2-9},
volume = {40},
year = {1997}
}
@misc{vtk,
mendeley-groups = {DSC/3D mesh structure},
title = {{Visualization Toolkit (VTK)}},
url = {http://www.vtk.org}
}

@article{Celes2005,
author = {Celes, Waldemar and Paulino, Glaucio H. and Espinha, Rodrigo},
journal = {International Journal for Numerical Methods in Engineering},
number = {11},
pages = {1529--1556},
title = {{A compact adjacency-based topological data structure for finite element mesh representation}},
volume = {64},
year = {2005}
}
@article{DeFloriani2005,
author = {{De Floriani}, Leila and Kobbelt, Leif and Puppo, Enrico},
journal = {Advances in Multiresolution for Geometric Modelling},
pages = {49--74},
title = {{A Survey on Data Structures for Level-of-Detail Models}},
%%%%url = {http://link.springer.com/10.1007/3-540-26808-1{\_}3},
year = {2005}
}
@article{Kremer2013,
author = {Kremer, M and Bommes, D and Kobbelt, L},
journal = {Proceedings of the 21st International Meshing Roundtable},
pages = {531--548},
title = {{Open VolumeMesh--A Versatile Index-Based Data Structure for 3D Polytopal Complexes}},
year = {2013}
}
@article{Lage2005,
author = {Lage, M and Lewiner, T and Lopes, H and Velho, L},
journal = {Proceedings of the XVIII Brazilian Symposium on Computer Graphics and Image Processing (SIBGRAPIâ€™05)},
pages = {1--6},
title = {{CHE: a scalable topological data structure for tetrahedral meshes}},
%%%%url = {http://scholar.google.com/scholar?hl=en{\&}btnG=Search{\&}q=intitle:CHE+:+A+scalable+topological+data+structure+for+triangular+meshes{\#}0$\backslash$nhttp://scholar.google.com/scholar?hl=en{\&}btnG=Search{\&}q=intitle:CHE:+a+scalable+topological+data+structure+for+triangular+mesh},
year = {2005}
}
